@article{schmidt93,
  author    = {Schmidt, Michael W. and Baldridge, Kim K. and Boatz, Jerry A. and Elbert, Steven T. and Gordon, Mark S. and Jensen, Jan H. and Koseki, Shiro and Matsunaga, Nikita and Nguyen, Kiet A. and Su, Shujun and Windus, Theresa L. and Dupuis, Michel and Montgomery, John A.},
  journal   = {Journal of Computational Chemistry},
  title     = {General atomic and molecular electronic structure system},
  year      = {1993},
  issn      = {1096-987X},
  number    = {11},
  pages     = {1347--1363},
  volume    = {14},
  doi       = {10.1002/jcc.540141112},
  publisher = {John Wiley & Sons, Inc.}
}

@article{Sun2018,
  author    = {Sun, Qiming and Berkelbach, Timothy C. and Blunt, Nick S. and Booth, George H. and Guo, Sheng and Li, Zhendong and Liu, Junzi and McClain, James D. and Sayfutyarova, Elvira R. and Sharma, Sandeep and Wouters, Sebastian and Chan, Garnet Kin-Lic},
  journal   = {Wiley Interdisciplinary Reviews: Computational Molecular Science},
  title     = {PySCF: the Python-based simulations of chemistry framework},
  year      = {2018},
  issn      = {1759-0884},
  number    = {1},
  pages     = {n/a--n/a},
  volume    = {8},
  doi       = {10.1002/wcms.1340},
  publisher = {Wiley Periodicals, Inc.}
}

@misc{QP,
  author       = {A. Scemamma},
  title        = {Quantum Package},
  howpublished = {\url{https://github.com/LCPQ/quantum_package}},
  year         = {2013--2017}
}

@article{Fedorov2004,
  author    = {Fedorov, Dmitri G. and Olson, Ryan M. and Kitaura, Kazuo and Gordon, Mark S. and Koseki, Shiro},
  journal   = {Journal of Computational Chemistry},
  title     = {A new hierarchical parallelization scheme: Generalized distributed data interface (GDDI), and an application to the fragment molecular orbital method (FMO)},
  year      = {2004},
  issn      = {1096-987X},
  number    = {6},
  pages     = {872--880},
  volume    = {25},
  doi       = {10.1002/jcc.20018},
  publisher = {Wiley Subscription Services, Inc., A Wiley Company}
}

@article{Ma2005,
  author  = {A. Ma and M. D. Towler and N. D. Drummond and R. J. Needs},
  journal = {The Journal of Chemical Physics},
  title   = {Scheme for adding electron--nucleus cusps to Gaussian orbitals},
  year    = {2005},
  number  = {22},
  pages   = {224322},
  volume  = {122},
  doi     = {10.1063/1.1940588},
  eprint  = {https://doi.org/10.1063/1.1940588}
}
