@article{Natoli1995,
  author  = {Vincent Natoli and David M. Ceperley},
  journal = {Journal of Computational Physics},
  title   = {An Optimized Method for Treating Long-Range Potentials},
  year    = {1995},
  issn    = {0021-9991},
  number  = {1},
  pages   = {171--178},
  volume  = {117},
  doi     = {10.1006/jcph.1995.1054},
  url     = {http://www.sciencedirect.com/science/article/pii/S0021999185710546}
}

@article{Mitas1991,
  author  = {Mitas, Lubos and Shirley, Eric L. and Ceperley, David M.},
  journal = {The Journal of Chemical Physics},
  title   = {Nonlocal pseudopotentials and diffusion Monte Carlo},
  year    = {1991},
  number  = {5},
  pages   = {3467--3475},
  volume  = {95},
  doi     = {10.1063/1.460849}
}

@article{Zen2019DLA,
  author    = {Andrea Zen and Jan Gerit Brandenburg and Angelos Michaelides and Dario Alf{\`{e}}},
  journal   = {The Journal of Chemical Physics},
  title     = {A new scheme for fixed node diffusion quantum Monte Carlo with pseudopotentials: Improving reproducibility and reducing the trial-wave-function bias},
  year      = {2019},
  month     = oct,
  number    = {13},
  pages     = {134105},
  volume    = {151},
  doi       = {10.1063/1.5119729},
  publisher = {{AIP} Publishing}
}

@article{Chiesa2006,
  author    = {Chiesa, Simone and Ceperley, David M. and Martin, Richard M. and Holzmann, Markus},
  journal   = {Phys. Rev. Lett.},
  title     = {Finite-Size Error in Many-Body Simulations with Long-Range Interactions},
  year      = {2006},
  month     = aug,
  pages     = {076404},
  volume    = {97},
  doi       = {10.1103/PhysRevLett.97.076404},
  issue     = {7},
  numpages  = {4},
  publisher = {American Physical Society}
}
