@article{Zhao:2017:blocked_lm,
  author  = {Luning Zhao and Eric Neuscamman},
  journal = {J. Chem. Theory. Comput.},
  title   = {A Blocked Linear Method for Optimizing Large Parameter Sets in Variational Monte Carlo},
  year    = {2017},
  doi     = {10.1021/acs.jctc.7b00119}
}
